<collection xmlns="http://www.loc.gov/MARC21/slim">
<record>
  <leader>03185nam0a22005411i 450 </leader>
  <controlfield tag="001">IT\ICCU\CNCE\057707</controlfield>
  <controlfield tag="005">20110902000000.0</controlfield>
  <datafield tag="012" ind1=" " ind2=" ">
    <subfield code="a">e.o- tou, isas ExPu (C) 1503 (Q)</subfield>
    <subfield code="2">fei</subfield>
  </datafield>
  <datafield tag="100" ind1=" " ind2=" ">
    <subfield code="a">20040426f1503        0itac0103    ba</subfield>
  </datafield>
  <datafield tag="101" ind1=" " ind2=" ">
    <subfield code="a">LAT</subfield>
  </datafield>
  <datafield tag="102" ind1=" " ind2=" ">
    <subfield code="a">FR</subfield>
  </datafield>
  <datafield tag="200" ind1="1" ind2=" ">
    <subfield code="a">Prudentius. Prosper. Ioannes Damascenus. Cosmus Hierosolymitanus Marcus episcopus Taluontis Theophanes</subfield>
  </datafield>
  <datafield tag="210" ind1=" " ind2=" ">
    <subfield code="d">\1503!</subfield>
  </datafield>
  <datafield tag="215" ind1=" " ind2=" ">
    <subfield code="a">\266! c.</subfield>
    <subfield code="d">8ʻ</subfield>
  </datafield>
  <datafield tag="300" ind1=" " ind2=" ">
    <subfield code="a">Contraffazione dell&apos;edizione aldina del 1501 del primo volume della raccolta dei poeti cristiani, stampata a Lione da Baldassarre Gabiano, cfr.: H. et J. Baudrier, Bibliographie lyonnaise. Recherches sur les imprimeurs, libraires, relieurs et fondeurs delettres de Lyon au XVIe sic̈le, vol. 7, p. 8-9</subfield>
  </datafield>
  <datafield tag="620" ind1=" " ind2=" ">
    <subfield code="a">IT</subfield>
    <subfield code="d">Venezia</subfield>
  </datafield>
  <datafield tag="700" ind1=" " ind2="1">
    <subfield code="a">Prudentius Clemens,</subfield>
    <subfield code="b">Aurelius</subfield>
    <subfield code="3">IT\ICCU\CNCA\016779</subfield>
  </datafield>
  <datafield tag="702" ind1=" " ind2="0">
    <subfield code="a">Cosmas</subfield>
    <subfield code="c"> : Hierosolymitanus</subfield>
    <subfield code="3">IT\ICCU\CNCA\016780</subfield>
  </datafield>
  <datafield tag="702" ind1=" " ind2="0">
    <subfield code="a">Marcus</subfield>
    <subfield code="c"> : Hidrontinus</subfield>
    <subfield code="3">IT\ICCU\CNCA\016781</subfield>
  </datafield>
  <datafield tag="702" ind1=" " ind2="0">
    <subfield code="a">Theophanes</subfield>
    <subfield code="c"> : Cerameus</subfield>
    <subfield code="3">IT\ICCU\CNCA\016782</subfield>
  </datafield>
  <datafield tag="702" ind1=" " ind2="0">
    <subfield code="a">Ioannes</subfield>
    <subfield code="c"> : Damascenus</subfield>
    <subfield code="c"> &lt;santo&gt;</subfield>
    <subfield code="3">IT\ICCU\CNCA\004373</subfield>
  </datafield>
  <datafield tag="702" ind1=" " ind2="0">
    <subfield code="a">Prosper</subfield>
    <subfield code="c"> : Aquitanus</subfield>
    <subfield code="c"> &lt;santo&gt;</subfield>
    <subfield code="3">IT\ICCU\CNCA\004390</subfield>
  </datafield>
  <datafield tag="712" ind1="0" ind2="0">
    <subfield code="a">Manuzio, Aldo</subfield>
    <subfield code="c"> &lt;1.&gt;</subfield>
    <subfield code="3">IT\ICCU\CNCT\000200</subfield>
    <subfield code="4">650</subfield>
  </datafield>
  <datafield tag="712" ind1="0" ind2="0">
    <subfield code="a">Gabiano, Baldassarre</subfield>
    <subfield code="3">IT\ICCU\CNCT\000486</subfield>
    <subfield code="4">650</subfield>
  </datafield>
  <datafield tag="790" ind1=" " ind2="1">
    <subfield code="a">Prudentius,</subfield>
    <subfield code="b">Aurelius Clemens</subfield>
    <subfield code="3">IT\ICCU\CNCA\017662</subfield>
    <subfield code="z">Prudentius Clemens, Aurelius</subfield>
  </datafield>
  <datafield tag="790" ind1=" " ind2="0">
    <subfield code="a">Cosmas</subfield>
    <subfield code="c"> : Hagiopolites</subfield>
    <subfield code="3">IT\ICCU\CNCA\017584</subfield>
    <subfield code="z">Cosmas : Hierosolymitanus</subfield>
  </datafield>
  <datafield tag="790" ind1=" " ind2="0">
    <subfield code="a">Cosma</subfield>
    <subfield code="c"> : di#Maiuma</subfield>
    <subfield code="3">IT\ICCU\CNCA\017585</subfield>
    <subfield code="z">Cosmas : Hierosolymitanus</subfield>
  </datafield>
  <datafield tag="790" ind1=" " ind2="0">
    <subfield code="a">Cosmas</subfield>
    <subfield code="c"> : Philogregorius</subfield>
    <subfield code="3">IT\ICCU\CNCA\017586</subfield>
    <subfield code="z">Cosmas : Hierosolymitanus</subfield>
  </datafield>
  <datafield tag="790" ind1=" " ind2="0">
    <subfield code="a">Cosma</subfield>
    <subfield code="c"> : di#Gerusalemme</subfield>
    <subfield code="3">IT\ICCU\CNCA\026041</subfield>
    <subfield code="z">Cosmas : Hierosolymitanus</subfield>
  </datafield>
  <datafield tag="790" ind1=" " ind2="0">
    <subfield code="a">Marco</subfield>
    <subfield code="c"> : da#Otranto</subfield>
    <subfield code="3">IT\ICCU\CNCA\021275</subfield>
    <subfield code="z">Marcus : Hidrontinus</subfield>
  </datafield>
  <datafield tag="790" ind1=" " ind2="0">
    <subfield code="a">Marcus</subfield>
    <subfield code="c"> &lt;sec. 8.&gt;</subfield>
    <subfield code="3">IT\ICCU\CNCA\021277</subfield>
    <subfield code="z">Marcus : Hidrontinus</subfield>
  </datafield>
  <datafield tag="790" ind1=" " ind2="0">
    <subfield code="a">Giovanni</subfield>
    <subfield code="c"> : Damasceno</subfield>
    <subfield code="c"> &lt;santo&gt;</subfield>
    <subfield code="3">IT\ICCU\CNCA\016209</subfield>
    <subfield code="z">Ioannes : Damascenus &lt;santo&gt;</subfield>
  </datafield>
  <datafield tag="790" ind1=" " ind2="0">
    <subfield code="a">Johannes</subfield>
    <subfield code="c"> : Damascenus</subfield>
    <subfield code="3">IT\ICCU\CNCA\026047</subfield>
    <subfield code="z">Ioannes : Damascenus &lt;santo&gt;</subfield>
  </datafield>
  <datafield tag="790" ind1=" " ind2="0">
    <subfield code="a">Joannes</subfield>
    <subfield code="c"> : Damascenus</subfield>
    <subfield code="3">IT\ICCU\CNCA\026048</subfield>
    <subfield code="z">Ioannes : Damascenus &lt;santo&gt;</subfield>
  </datafield>
  <datafield tag="790" ind1=" " ind2="0">
    <subfield code="a">Prospero</subfield>
    <subfield code="c"> : d&apos;#Aquitania</subfield>
    <subfield code="3">IT\ICCU\CNCA\018688</subfield>
    <subfield code="z">Prosper : Aquitanus &lt;santo&gt;</subfield>
  </datafield>
  <datafield tag="790" ind1=" " ind2="0">
    <subfield code="a">Prosperus</subfield>
    <subfield code="3">IT\ICCU\CNCA\018689</subfield>
    <subfield code="z">Prosper : Aquitanus &lt;santo&gt;</subfield>
  </datafield>
  <datafield tag="790" ind1=" " ind2="0">
    <subfield code="a">Prosperus</subfield>
    <subfield code="c"> : Aquitanicus</subfield>
    <subfield code="3">IT\ICCU\CNCA\018690</subfield>
    <subfield code="z">Prosper : Aquitanus &lt;santo&gt;</subfield>
  </datafield>
  <datafield tag="791" ind1="0" ind2="2">
    <subfield code="a">Aldus Romanus</subfield>
    <subfield code="3">IT\ICCU\CNCT\003957</subfield>
    <subfield code="z">Manuzio, Aldo &lt;1.&gt;</subfield>
  </datafield>
  <datafield tag="791" ind1="0" ind2="0">
    <subfield code="a">Manutius, Aldus</subfield>
    <subfield code="c"> &lt;1.&gt;</subfield>
    <subfield code="3">IT\ICCU\CNCT\005012</subfield>
    <subfield code="z">Manuzio, Aldo &lt;1.&gt;</subfield>
  </datafield>
  <datafield tag="791" ind1="0" ind2="2">
    <subfield code="a">Aldo Romano</subfield>
    <subfield code="3">IT\ICCU\CNCT\005013</subfield>
    <subfield code="z">Manuzio, Aldo &lt;1.&gt;</subfield>
  </datafield>
  <datafield tag="791" ind1="0" ind2="2">
    <subfield code="a">Baldassarre d&apos;Asti</subfield>
    <subfield code="3">IT\ICCU\CNCT\003560</subfield>
    <subfield code="z">Gabiano, Baldassarre</subfield>
  </datafield>
  <datafield tag="791" ind1="0" ind2="2">
    <subfield code="a">Balthasar Astensis</subfield>
    <subfield code="3">IT\ICCU\CNCT\003561</subfield>
    <subfield code="z">Gabiano, Baldassarre</subfield>
  </datafield>
  <datafield tag="801" ind1=" " ind2="3">
    <subfield code="a">IT</subfield>
    <subfield code="b">ICCU</subfield>
    <subfield code="c">20201115</subfield>
  </datafield>
  <datafield tag="899" ind1=" " ind2=" ">
    <subfield code="a">Biblioteca universitaria. Bologna</subfield>
    <subfield code="1">BO0098</subfield>
    <subfield code="2">UBO BU</subfield>
  </datafield>
  <datafield tag="899" ind1=" " ind2=" ">
    <subfield code="a">Biblioteca Apostolica Vaticana. Citt ̉del Vaticano</subfield>
    <subfield code="1">EX0001</subfield>
    <subfield code="2">ZCV 01</subfield>
  </datafield>
  <datafield tag="899" ind1=" " ind2=" ">
    <subfield code="a">Biblioteca universitaria. Padova</subfield>
    <subfield code="1">PD0158</subfield>
    <subfield code="2">PUV 00</subfield>
  </datafield>
  <datafield tag="899" ind1=" " ind2=" ">
    <subfield code="a">Biblioteca dell&apos;Accademia nazionale dei Lincei e Corsiniana. Roma</subfield>
    <subfield code="1">RM0418</subfield>
    <subfield code="2">RML 10</subfield>
  </datafield>
  <datafield tag="899" ind1=" " ind2=" ">
    <subfield code="a">British Library. London</subfield>
    <subfield code="1">UK0001</subfield>
  </datafield>
</record>
</collection>
